@book{demo,
  title = {Title},
  author = {Family, Given},
  year = {2016},
  publisher = {Publisher}
}
